@Article{Ising1925,
  author  = {Ernst Ising},
  title   = {Contribution to the Theory of Ferromagnetism},
  journal = {Zeitschrift für Physik},
  year    = {1925},
  volume  = {31},
  number  = {1},
  pages   = {253--258},
  doi     = {10.1007/BF02980577}
}

@Article{Lenz1920,
  author  = {Wilhelm Lenz},
  title   = {Beiträge zum Verständnis der magnetischen Eigenschaften in festen Körpern},
  journal = {Physikalische Zeitschrift},
  year    = {1920},
  volume  = {21},
  pages   = {613--615}
}

@Article{Onsager1944,
  author  = {Lars Onsager},
  title   = {Crystal statistics. I. A two-dimensional model with an order-disorder transition},
  journal = {Physical Review},
  year    = {1944},
  volume  = {65},
  number  = {3-4},
  pages   = {117--149},
  doi     = {10.1103/PhysRev.65.117},
  bibcode = {1944PhRv...65..117O},
  mrnumber = {0010315}
}

@Article{Cipra1987,
  author  = {Barry A. Cipra},
  title   = {An Introduction to the Ising Model},
  journal = {The American Mathematical Monthly},
  year    = {1987},
  volume  = {94},
  number  = {10},
  pages   = {937--959},
  doi     = {10.1080/00029890.1987.12000742}
}
